<record><leader>00000cas a22000007a 4500</leader><controlfield tag="001">12528657</controlfield><controlfield tag="008">850909d18471872riuwr ne      0    0eng  </controlfield><datafield ind1=" " ind2=" " tag="010"><subfield code="a">sn 85042476 </subfield></datafield><datafield ind1=" " ind2=" " tag="040"><subfield code="a">DLC</subfield><subfield code="b">eng</subfield><subfield code="c">DLC</subfield><subfield code="d">YOX</subfield><subfield code="d">RHN</subfield><subfield code="d">MGN</subfield><subfield code="d">OCL</subfield><subfield code="d">CRL</subfield><subfield code="d">KRTAS</subfield><subfield code="d">OCLCO</subfield><subfield code="d">OCLCA</subfield><subfield code="d">OCLCF</subfield></datafield><datafield ind1="1" ind2=" " tag="029"><subfield code="a">AU@</subfield><subfield code="b">000025821157</subfield></datafield><datafield ind1="1" ind2=" " tag="029"><subfield code="a">NZ1</subfield><subfield code="b">16069662</subfield></datafield><datafield ind1=" " ind2=" " tag="042"><subfield code="a">msc</subfield></datafield><datafield ind1="0" ind2="0" tag="050"><subfield code="a">Newspaper 9654-X</subfield></datafield><datafield ind1="0" ind2=" " tag="130"><subfield code="a">General advertiser (Providence, R.I. : 1847)</subfield></datafield><datafield ind1="1" ind2="0" tag="245"><subfield code="a">General advertiser.</subfield></datafield><datafield ind1="1" ind2="0" tag="246"><subfield code="a">Express and advertiser</subfield></datafield><datafield ind1="1" ind2="3" tag="246"><subfield code="a">Medical express and general advertiser</subfield></datafield><datafield ind1=" " ind2=" " tag="260"><subfield code="a">Providence, R.I. :</subfield><subfield code="b">C. Dyer, Jr. and C.S. Jones,</subfield></datafield><datafield ind1=" " ind2=" " tag="300"><subfield code="a">v.</subfield></datafield><datafield ind1=" " ind2=" " tag="310"><subfield code="a">Weekly</subfield></datafield><datafield ind1="0" ind2=" " tag="362"><subfield code="a">Vol. 1, no. 2 (Dec. 11, 1847)-</subfield></datafield><datafield ind1="1" ind2=" " tag="362"><subfield code="a">Ceased Aug. 31, 1872.</subfield></datafield><datafield ind1=" " ind2=" " tag="515"><subfield code="a">"Specimen issue" called Medical express and general advertiser, numbered vol. 1, no. 1, issued on Dec. 4, 1847.</subfield></datafield><datafield ind1=" " ind2=" " tag="530"><subfield code="a">Also available on microfilm from the New York Public Library.</subfield></datafield><datafield ind1=" " ind2="0" tag="651"><subfield code="a">Providence (R.I.)</subfield><subfield code="v">Newspapers.</subfield></datafield><datafield ind1=" " ind2="7" tag="655"><subfield code="a">Newspapers.</subfield><subfield code="2">fast</subfield><subfield code="0">(OCoLC)fst01423814</subfield></datafield><datafield ind1=" " ind2="7" tag="651"><subfield code="a">Rhode Island</subfield><subfield code="z">Providence.</subfield><subfield code="2">fast</subfield><subfield code="0">(OCoLC)fst01204977</subfield></datafield><datafield ind1=" " ind2=" " tag="752"><subfield code="a">United States</subfield><subfield code="b">Rhode Island</subfield><subfield code="c">Providence</subfield><subfield code="d">Providence.</subfield></datafield><datafield ind1="0" ind2="7" tag="785"><subfield code="t">Providence weekly gazette</subfield><subfield code="w">(DLC)sn 83021480</subfield></datafield><datafield ind1="0" ind2="7" tag="785"><subfield code="t">General advertiser, and Providence weekly gazette</subfield><subfield code="w">(DLC)sn 83021478</subfield></datafield><datafield ind1=" " ind2=" " tag="938"><subfield code="a">Kirtas Technologies, Inc.</subfield><subfield code="b">KRTS</subfield><subfield code="n">739374</subfield></datafield></record>